% En este archivo se coloca la bibliografía en formato BibTeX, se recomienda buscar el documento en scholar.google.com y luego hacer click en "citar" y seleccionar el formato "BibTeX" para obtener el snippet que debe ir aquí.

% Recuerde que hay que citar estas entradas en el documento para que aparezcan en la bibliografía. e.g. \cite{schwab2002cure}

% Recuerde NO reemplazar los "and" por "y" en los campos de author, ¡Puesto que "and" es una palabra clave para separarlos!

@article{raspvsjetson,
  title={Comparative Study of Computer Vision Based Line Followers Using Raspberry Pi and Jetson Nano},
  author={Gunawan Dewantoro, Jamil Mansuri, Fransiscus Dalu Setiaji},
  journal={Jurnal Rekayasa Elektrika},
  volume={17},
  number={4},
  year={2021},
  publisher={Universitas Syiah Kuala}
}

@article{visiontopid,
  author={Pujara, Dhyanik and Naik, Palak and Gautam, Riya and Mecwan, Akash},
  journal={2023 IEEE International Symposium on Smart Electronic Systems (iSES)}, 
  title={Incorporating Visual Intelligence in Line Following Robots}, 
  year={2023},
  pages={389-392},
publisher = {IEEE}
}

@INPROCEEDINGS{analogrl,
  author={Saadatmand, Sepehr and Azizi, Sima and Kavousi, Mohammadamir and Wunsch, Donald},
 journal={2020 10th Annual Computing and Communication Workshop and Conference (CCWC)}, 
  title={Autonomous Control of a Line Follower Robot Using a Q-Learning Controller}, 
  year={2020},
  pages={0556-0561},
publisher = {IEEE}
}


@online{ganador2023,
 title={ロボトレース 第44回 全日本マイクロマウス大会  Micromouse 2023 Robotrace}, 
 author={NVS},
 year={2024},
 organization={Youtube},
 url={https://www.youtube.com/watch?v=2jyPIHV24DY\&t=16202s}
}
@online{pathsmoothing,
 title={ ロボトレース進捗、より高度化したショートカットテスト}, 
 author={hidejr1053},
 year={2022},
 organization={Youtube},
 url={https://www.youtube.com/watch?v=TXNXz6areXA}
}
